<?xml version="1.0" encoding="UTF-8"?><collection xmlns="http://www.loc.gov/MARC21/slim"><record><leader>00541nam--2200181-i-4500</leader><controlfield tag="001">000014084</controlfield><controlfield tag="002">20161230</controlfield><controlfield tag="005">20161230201030</controlfield><controlfield tag="008">060222s1000------------r-----000-0-eng-d</controlfield><datafield ind1=" " ind2=" " tag="020"><subfield code="a">8301031719</subfield></datafield><datafield ind1=" " ind2=" " tag="040"><subfield code="a">IFIN-HH</subfield></datafield><datafield ind1=" " ind2=" " tag="080"><subfield code="a">519.65</subfield></datafield><datafield ind1="1" ind2=" " tag="100"><subfield code="a">Ciesielski, Zbigniew</subfield></datafield><datafield ind1="1" ind2="0" tag="245"><subfield code="a">Approximation and function spaces</subfield><subfield code="b">Proceedings gdansk, august 27-31, 1979</subfield><subfield code="c">Zbirgniew ciesielski (ed.)</subfield></datafield><datafield ind1=" " ind2=" " tag="260"><subfield code="a">Amsterdam</subfield><subfield code="b">North-holland Publishing Company</subfield><subfield code="c">1979</subfield></datafield><datafield ind1=" " ind2=" " tag="300"><subfield code="a">XIV + 897 P</subfield></datafield><datafield ind1=" " ind2=" " tag="852"><subfield code="a">49862</subfield><subfield code="c">519.4/5</subfield></datafield><datafield ind1=" " ind2=" " tag="CAT"><subfield code="a">Sys</subfield><subfield code="c">20130814</subfield><subfield code="h">165450</subfield></datafield></record></collection>